
@INPROCEEDINGS{dlNB,
 author = {D. Nardi and R. J. Brachman. },
 crossref={dlbook},
 title = {An Introduction to Description Logics},
 pages = {5--44},
 year={2002},
}

@INPROCEEDINGS{dlBN,
 author = {Baader, F. and Nutt, W.},
 crossref={dlbook},
 title = {Basic Description Logics},
 pages = {47--100},
 year={2002},
}

@INPROCEEDINGS{dlBLR,
 author = {Borgida, A. and Lenzerini, M. and Rosati, R.},
 crossref={dlbook},
 title = {Description Logics for Databases},
 pages = {472--494},
 year={2002},
}

@BOOK{dlbook,
 editor = {Baader, F. and Calvanese, D. and McGuinness, D. L. and Nardi, D. and Patel-Schneider, P. F.},
 year = 2002,
 title= {Description Logic Handbook},
 publisher = {Cambridge University Press},
}

@BOOK{AHV,
 author = {Abiteboul, S. and Hull, R. and Vianu, V.},
 year = 1996,
 title = {Foundations of Databases},
 publisher = {Addison-Wesley},
}

@BOOK{Pa91,
  author = {Pawlak, Z.},
  year = 1991,
  title = {Rough Sets. Theoretical Aspects of Reasoning about Data},
  publisher = {Kluwer Academic Publishers},
  address = {Dordrecht},
}

@article{BSDL,
  author    = {A.R. Divroodi and
               L.A. Nguyen},
  title     = {On Bisimulations for Description Logics},
  journal   = {CoRR},
  volume    = {abs/1104.1964},
  year      = {2011 (appeared also in Proceedings of CS\&P'2011, pages 99-110)}
}

@misc{Hopcroft71,
  author    = {J. Hopcroft},
  title     = {An $n\log{n}$ algorithm for minimizing states
	  	in a finite automaton},
  howpublished = {Available at \url{ftp://reports.stanford.edu/pub/cstr/reports/cs/tr/71/190/CS-TR-71-190.pdf}},
  year      = 1971
}

@incollection{LbRoughification,
  author    = {L.A. Nguyen and A. Sza{\l}as},
  title     = {Logic-based Roughification},
  booktitle = {Rough Sets and Intelligent Systems 
	  	(To the Memory of Professor {Zdzis{\l}aw Pawlak}), Vol.~1},
  editor    = {A. Skowron and Z. Suraj}, 
  pages     = {529-556}, 
  publisher = {Springer}, 
  year      = {2012}
}

@article(Nguyen08CSP-FI,
  author      = {L.A. Nguyen},
  title       = {An Efficient Tableau Prover using Global Caching
                 for the Description Logic $\mathcal{ALC}$},
  journal     = {Fundamenta Informaticae},
  volume    = {93},
  number    = {1-3},
  year        = 2009,
  pages     = {273-288}
)

@article{PawlakS07,
  author    = {Z. Pawlak and
               A. Skowron},
  title     = {Rudiments of rough sets},
  journal   = {Inf. Sci.},
  volume    = {177},
  number    = {1},
  year      = {2007},
  pages     = {3-27}
}

@inproceedings{FanizzidEL08,
  author    = {N. Fanizzi and
               C. d'Amato and
               F. Esposito and
               T. Lukasiewicz},
  title     = {Representing Uncertain Concepts in Rough Description Logics
               via Contextual Indiscernibility Relations},
  booktitle = {Proceedings of URSW'2008},
  series    = {CEUR Workshop Proceedings},
  volume    = {423},
  year      = {2008}
}

@article{LehmannH10,
  author    = {J. Lehmann and
               P. Hitzler},
  title     = {Concept learning in description logics using refinement
               operators},
  journal   = {Machine Learning},
  volume    = {78},
  number    = {1-2},
  year      = {2010},
  pages     = {203-250}
}

@mastersthesis{Hellmann2008,
  author    = {S. Hellmann},
  title     = {Comparison of Concept Learning Algorithms 
	       (With Emphasis on Ontology Engineering for the {Semantic Web})},
  school    = {Leipzig University},
  year      = {2008}
}

@inproceedings{FanizzidE10,
  author    = {N. Fanizzi and
               C. d'Amato and
               F. Esposito},
  title     = {Towards the induction of terminological decision trees},
  booktitle = {Proceedings of SAC'2010},
  publisher = {ACM},
  year      = {2010},
  pages     = {1423-1427},
}

@inproceedings{FanizzidE08,
  author    = {N. Fanizzi and
               C. d'Amato and
               F. Esposito},
  title     = {{DL-FOIL} Concept Learning in Description Logics},
  booktitle = {Proceedings of ILP'2008},
  publisher = {Springer},
  series    = {LNCS},
  volume    = {5194},
  year      = {2008},
  pages     = {107-121}
}

@inproceedings{LambrixL98,
  author    = {P. Lambrix and
               P. Larocchia},
  title     = {Learning Composite Concepts},
  booktitle = {Proceedings of DL'1998}
}
  , year      = {1998}

@inproceedings{KonstantopoulosC10,
  author    = {S. Konstantopoulos and
               A. Charalambidis},
  title     = {Formulating description logic learning as an Inductive Logic
               Programming task},
  booktitle = {Proceedings of FUZZ-IEEE'2010},
  pages     = {1-7}
}
  year      = {2010},

@inproceedings{LunaRC11,
  author    = {J.E.O. Luna and
               K. Revoredo and
               F.G. Cozman},
  title     = {Learning Probabilistic Description Logics: A Framework and
               Algorithms},
  booktitle = {Proceedings of MICAI'2011},
  publisher = {Springer},
  series    = {LNCS},
  volume    = {7094},
  year      = {2011},
  pages     = {28-39}
}

@inproceedings{BadeaN00,
  author    = {L. Badea and
               S.-H. Nienhuys-Cheng},
  title     = {A Refinement Operator for Description Logics},
  booktitle = {Proceedings of ILP'2000},
  publisher = {Springer},
  series    = {LNCS},
  volume    = {1866},
  year      = {2000},
  pages     = {40-59}
}

@inproceedings{Alvarez00,
  author    = {J. Alvarez},
  title     = {A Formal Framework for Theory Learning Using Description
               Logics},
  booktitle = {ILP'2000 Work-in-progress reports},
  year      = {2000}
}

@inproceedings{CohenH94,
  author    = {W.W. Cohen and
               H. Hirsh},
  title     = {Learning the {Classic} Description Logic: Theoretical and
               Experimental Results},
  booktitle = {Proceedings of KR'1994},
  pages     = {121-133}
}
  year      = {1994},

@phdthesis{Distel2011,
  author    = {F. Distel},
  title     = {Learning Description Logic Knowledge Bases from Data 
	       Using Methods from Formal Concept Analysis},
  school    = {Dresden University of Technology},
  year      = {2011}
}

@inproceedings{Kietz02,
  author    = {J. Kietz},
  title     = {Learnability of Description Logic Programs},
  booktitle = {Proceedings of ILP'2002},
  publisher = {Springer},
  series    = {LNCS},
  volume    = {2583},
  year      = {2002},
  pages     = {117-132}
}

@article{IannonePF07,
  author    = {L. Iannone and I. Palmisano and N. Fanizzi},
  title     = {An algorithm based on counterfactuals for concept learning
               in the {Semantic Web}},
  journal   = {Appl. Intell.},
  volume    = {26},
  number    = {2},
  year      = {2007},
  pages     = {139-159}
}

@misc{ILP09-54,
  author    = {J. Lehmann and
               P. Hitzler},
  title     = {Ideal Downward Refinement in the $\mathcal{EL}$ Description Logic},
  howpublished = {Presented at ILP'09},
  year      = 2009
}

@book{BRV2001,
  author = {P. Blackburn and M. de Rijke and Y. Venema},
  title = {Modal Logic},
  publisher = {Cambridge University Press},
  series = {Cambridge Tracts in Theoretical Computer Science},
  number = 53,
  year = 2001
}

@phdthesis(vBenthem76,
  author      = {J. van Benthem},
  title       = {Modal Correspondence Theory},
  school      = {Mathematisch Instituut \& 
  		 Instituut voor Grondslagenonderzoek, 
		 University of Amsterdam}, 
  year        = 1976)

@book(vBenthem83,
  author      = {J. van Benthem},
  title       = {Modal Logic and Classical Logic},
  publisher   = {Bibliopolis, Naples},
  year        = 1983)

@incollection{vBenthem84,
  author      = {J. van Benthem},
  title       = {Correspondence Theory},
  booktitle   = {Handbook of Philosophical Logic, Volume {II}},
  publisher   = {Reidel, Dordrecht},
  editor      = {D. Gabbay and F. Guenther},
  pages       = {167â€“-247},
  year        = {1984}
}

@inproceedings{Park81,
  author    = {D.M.R. Park},
  title     = {Concurrency and Automata on Infinite Sequences},
  booktitle = {Proceedings of the 5th GI-Conference},
  editor    = {Peter Deussen},
  publisher = {Springer},
  series    = {LNCS},
  volume    = {104},
  year      = {1981},
  pages     = {167-183}
}

@article{HennessyM85,
  author    = {M. Hennessy and
               R. Milner},
  title     = {Algebraic Laws for Nondeterminism and Concurrency},
  journal   = {Journal of the ACM},
  volume    = {32},
  number    = {1},
  year      = {1985},
  pages     = {137-161}
}

@article{abs-1104-2844,
  author    = {C. Lutz and
               R. Piro and
               F. Wolter},
  title     = {Description Logic {TBoxes}: Model-theoretic Characterizations
               and Rewritability},
  journal   = {CoRR},
  volume    = {abs/1104.2844},
  year      = {2011}
}

@article{KurtoninaR99,
  author    = {N. Kurtonina and
               M. de Rijke},
  title     = {Expressiveness of Concept Expressions in First-Order Description
               Logics},
  journal   = {Artif. Intell.},
  volume    = {107},
  number    = {2},
  year      = {1999},
  pages     = {303-333}
}

@misc{paper2,
  author    = {T.-L. Tran and 
		Q.-T. Ha and 
		T.-L.-G. Hoang and 
		L.A. Nguyen and 
		H.S. Nguyen and 
		A. Sza{\l}as},
  title     = {A Bisimulation-based Method of Concept Learning 
	  	for Knowledge Bases in Description Logics},
  year      = {forthcoming}
}

@inproceedings{WORL-KSE,
  author    = {S.T. Cao and
               L.A. Nguyen and
               A. Szalas},
  title     = {{WORL}: a {Web} Ontology Rule Language},
  booktitle = {Proceedings of KSE'2011},
  pages     = {32-39},
  publisher = {IEEE Computer Society},
  year      = {2011}
}

@inproceedings{CaoNS11,
  author    = {S.T. Cao and
               L.A. Nguyen and
               A. Sza{\l}as},
  title     = {On the {Web} Ontology Rule Language {OWL~2~RL}},
  booktitle = {Proceedings of ICCCI'2011},
  publisher = {Springer},
  series    = {LNCS},
  volume    = {6922},
  year      = {2011},
  pages     = {254-264}
}

@inproceedings{KSE2012,
  author    = {T.-L. Tran and Q.-T. Ha and T.-L.-G. Hoang and 
	  	L.A. Nguyen and H.S. Nguyen and A. Sza{\l}as},
  title     = {Concept Learning for Description Logic-Based Information
               Systems},
  booktitle = {Proceedings of KSE'2012}, 
  publisher = {IEEE Computer Society},
  year      = {2012},
  pages     = {65-73}
}

@proceedings{DBLP:conf/kse/2012,
  editor    = {Dang Van Hung and
               Hung Trung Vo and
               Jeff Sanders and
               Lam Thu Bui and
               Son Bao Pham},
  title     = {Fourth International Conference on Knowledge and Systems
               Engineering, KSE 2012, Danang, Vietnam, August 17-19, 2012},
  booktitle = {KSE},
  publisher = {IEEE Computer Society},
  year      = {2012},
  isbn      = {978-1-4673-2171-6},
  ee        = {http://ieeexplore.ieee.org/xpl/mostRecentIssue.jsp?punumber=6299181},
  bibsource = {DBLP, http://dblp.uni-trier.de}
}


@inproceedings{SoICT2012, 	
  author    = {Q.-T. Ha and T.-L.-G. Hoang and L.A. Nguyen and 
	  	H.S. Nguyen and A. Sza{\l}as and T.-L. Tran},
  title     = {A Bisimulation-based Method of Concept Learning for 
	  	Knowledge Bases in Description Logics},
  booktitle = {Proceedings of SoICT'2012}, 
  publisher = {ACM},
  pages     = {241-249}, 
  year      = {2012}
}

@inproceedings{BGM98,
  author    = {M. Baldoni and
               L. Giordano and
               A. Martelli},
  title     = {A Tableau for Multimodal Logics and Some (Un)Decidability
               Results},
  booktitle = {Proceedings of TABLEAUX'1998},
  publisher = {Springer},
  series    = {LNCS},
  volume    = {1397},
  pages     = {44-59},
  year      = {1998}
}

@inproceedings{HorrocksKS06,
  author    = {I. Horrocks and
               O. Kutz and
               U. Sattler},
  title     = {The Even More Irresistible $\mathcal{SROIQ}$},
  booktitle = {Proc.\ of KR'2006},
  publisher = {AAAI Press},
  year      = {2006},
  pages     = {57-67}
}

@INPROCEEDINGS{NguyenSzalas09ICCCI,
  author    = {L.A. Nguyen and A. Sza{\l}as},
  title     = {{ExpTime} Tableaux for Checking Satisfiability of 
               a Knowledge Base in the Description Logic {ALC}},
  booktitle = {Proceedings of ICCCI'2009},
  series    = {LNAI},
  volume    = {5796},
  publisher = {Springer},
  pages     = {437--448},
  year      = {2009}
}

@inproceedings{SHI-ICCCI,
  author    = {L.A. Nguyen},
  title     = {A Cut-Free {ExpTime} Tableau Decision Procedure 
               for the Description Logic {SHI}},
  booktitle = {Proceedings of ICCCI'2011 (1)},
  series    = {LNCS},
  volume    = {6922},
  pages     = {572-581},
  publisher = {Springer},
  year      = {2011}
}

@inproceedings{ALCI-ISMIS,
  author    = {L.A. Nguyen},
  title     = {Cut-Free {ExpTime} Tableaux for Checking Satisfiability of
               a Knowledge Base in the Description Logic {ALCI}},
  booktitle = {Proceedings of ISMIS'2011},
  series    = {LNCS},
  volume    = {6804},
  pages     = {465-475},
  publisher = {Springer},
  year      = {2011}
}

@article{NguyenS10TCCI,
  author    = {L.A. Nguyen and
               A. Sza\l{}as},
  title     = {Tableaux with Global Caching for Checking Satisfiability
               of a Knowledge Base in the Description Logic $\mathcal{SH}$},
  journal   = {T. Computational Collective Intelligence},
  volume    = {1},
  year      = {2010},
  pages     = {21-38}
}

@article{HorrockSattler99,
  author    = {I. Horrocks and
               U. Sattler},
  title     = {A Description Logic with Transitive and Inverse Roles and
               Role Hierarchies},
  journal   = {J. Log. Comput.},
  volume    = {9},
  number    = {3},
  year      = {1999},
  pages     = {385-410}
}

@inproceedings{HorrocksST00,
  author    = {I. Horrocks and
               U. Sattler and
               S. Tobies},
  title     = {Reasoning with Individuals for the Description Logic {SHIQ}},
  booktitle = {Proceedings of CADE-17},
  series    = {LNCS},
  volume    = {1831}, 
  publisher = {Springer},
  year      = {2000},
  pages     = {482-496}
}

@inproceedings{HladikM04,
  author    = {J. Hladik and
               J. Model},
  title     = {Tableau Systems for {SHIO} and {SHIQ}},
  booktitle = {Proceedings of Description Logics'2004},
  series    = {CEUR Workshop Proceedings},
  volume    = {104},
  year      = {2004}
}

@inproceedings{HorrocksS01,
  author    = {I. Horrocks and
               U. Sattler},
  title     = {Ontology Reasoning in the {SHOQ(D)} Description Logic},
  booktitle = {Proceedings of IJCAI'2001},
  publisher = {Morgan Kaufmann},
  year      = {2001},
  pages     = {199-204}
}

@article{HorrocksS07,
  author    = {I. Horrocks and
               U. Sattler},
  title     = {A Tableau Decision Procedure for $\mathcal{SHOIQ}$},
  journal   = {J.~Autom.~Reasoning},
  volume    = {39},
  number    = {3},
  year      = {2007},
  pages     = {249-276}
}

@misc{CPDLreg, 	
  author    = {L.A. Nguyen},
  title     = {A Cut-Free {ExpTime} Tableau Decision Procedure for the Logic 
	  	Extending Converse-{PDL} with Regular Inclusion Axioms},
  howpublished = {arXiv:1104.0405v1},
  year      = 2011
}

@article{Valiant84,
 author = {Valiant, L. G.},
 title = {A theory of the learnable},
 journal = {Commun. ACM},
 volume = {27},
 number = {11},
 year = {1984},
 pages = {1134--1142},
 publisher = {ACM}
} 

@inproceedings{DivroodiHNN12,
  author    = {A.R. Divroodi and
               Q.-T. Ha and
               L.A. Nguyen and
               H.S. Nguyen},
  title     = {On {C}-Learnability in Description Logics},
  booktitle = {Proceedings of ICCCI'2012 (1)},
  publisher = {Springer},
  series    = {LNCS},
  volume    = {7653},
  year      = {2012},
  pages     = {230-238}
}

@inproceedings{BaaderBL05,
  author    = {F. Baader and
               S. Brandt and
               C. Lutz},
  title     = {Pushing the {EL} Envelope.},
  booktitle = {Proceedings of IJCAI'2005},
  editor    = {L.P. Kaelbling and
               A. Saffiotti},
  publisher = {Morgan-Kaufmann Publishers},
  year      = {2005},
  pages     = {364-369}
}

@inproceedings{ELppUpdate,
  author    = {F. Baader and
               S. Brandt and
               C. Lutz},
  title     = {Pushing the {EL} Envelope Further},
  booktitle = {Proceedings of the OWLED 2008 DC Workshop on 
	       OWL: Experiences and Directions},
  year      = {2008}
}

@article{CalvaneseGLLR07,
  author    = {D. Calvanese and
               G. De Giacomo and
               D. Lembo and
               M. Lenzerini and
               R. Rosati},
  title     = {Tractable Reasoning and Efficient Query Answering in Description
               Logics: The {DL-Lite} Family},
  journal   = {J. Autom. Reasoning},
  volume    = {39},
  number    = {3},
  year      = {2007},
  pages     = {385-429}
}

@inproceedings{GrosofHVD03,
  author    = {B.N. Grosof and
               I. Horrocks and
               R. Volz and
               S. Decker},
  title     = {Description logic programs: combining logic programs with
               description logic.},
  booktitle = {Proceedings of WWW'2003},
  year      = {2003},
  pages     = {48-57}
}

@article{HustadtMS07,
  author    = {U. Hustadt and
               B. Motik and
               U. Sattler},
  title     = {Reasoning in Description Logics by a Reduction to Disjunctive
		  {Datalog}},
  journal   = {J. Autom. Reasoning},
  volume    = {39},
  number    = {3},
  year      = {2007},
  pages     = {351-384}
}

@inproceedings{KrisnadhiLutz07,
  author    = {A. Krisnadhi and
               C. Lutz},
  title     = {Data Complexity in the {EL} Family of Description Logics},
  booktitle = {Proceedings of LPAR'2007, LNCS 4790},
  editor    = {N. Dershowitz and
               A. Voronkov},
  publisher = {Springer},
  year      = {2007},
  pages     = {333-347},
}

@inproceedings{KrotzschRH07iswc,
  author    = {M. Kr{\"o}tzsch and
               S. Rudolph and
               P. Hitzler},
  title     = {Conjunctive Queries for a Tractable Fragment of {OWL} 1.1},
  booktitle = {Proceedings of ISWC'2007 + ASWC'2007, LNCS 4825},
  publisher = {Springer},
  year      = {2007},
  pages     = {310-323}
}

@inproceedings{Rosati07,
  author    = {R. Rosati},
  title     = {On Conjunctive Query Answering in $\mathcal{EL}$},
  booktitle = {Proceedings of DL'2007}, 
  pages	    = {451-458}
}

@article{RG-Nguyen, 
  author       = {L.A. Nguyen},
  title        = {{Horn} Knowledge Bases in Regular Description Logics 
                  with {PTime} Data Complexity},
  journal      = {Fundamenta Informaticae},
  volume       = {104},
  number       = {4},
  pages        = {349-384},
  year         = {2010}
}

@inproceedings{OrtizRS11,
  author    = {M. Ortiz and
               S. Rudolph and
               M. Simkus},
  title     = {Query Answering in the {Horn} Fragments of the Description
               Logics {SHOIQ} and {SROIQ}},
  booktitle = {Proceedings of IJCAI 2011},
  year      = {2011},
  pages     = {1039-1044},
  editor    = {T. Walsh}
}

@inproceedings{KrotzschRH07aaai,
  author    = {M. Kr{\"o}tzsch and
               S. Rudolph and
               P. Hitzler},
  title     = {Complexity Boundaries for {Horn} Description Logics},
  booktitle = {Proceedings of AAAI'2007},
  publisher = {AAAI Press},
  year      = {2007},
  pages     = {452-457}
}

@inproceedings{Brandt04,
  author    = {S. Brandt},
  title     = {Polynomial Time Reasoning in a Description Logic with Existential
               Restrictions, {GCI} Axioms, and - What Else?},
  booktitle = {Proceedings of ECAI'2004},
  editor    = {R.L. de M{\'a}ntaras and
               L. Saitta},
  publisher = {IOS Press},
  year      = {2004},
  pages     = {298-302}
}

@inproceedings(nguyen06jelia, 
  author    = {L.A. Nguyen},
  title     = {A Bottom-up Method for the Deterministic {Horn} Fragment of 
               the Description Logic $\mathcal{ALC}$}, 
  booktitle = {Proceedings of JELIA 2006, LNAI 4160}, 
  publisher = {Springer},
  pages     = {346-358}, 
  year      = 2006)

@misc{HornDL-long,
    author  = {L.A. Nguyen and T.-B.-L. Nguyen and A. Sza{\l}as},
    title   = {{Horn-DL}: an Expressive Horn Description Logic with {PTime} Data Complexity},
    howpublished = {Manuscript, available at \url{http://www.mimuw.edu.pl/~nguyen/horn_dl_long.pdf}},
    year      = 2013
}

@article{DoniniLNS98,
  author    = {F.M. Donini and
               M. Lenzerini and
               D. Nardi and
               A. Schaerf},
  title     = {{AL}-log: Integrating {Datalog} and Description Logics},
  journal   = {J. Intell. Inf. Syst.},
  volume    = {10},
  number    = {3},
  year      = {1998},
  pages     = {227-252}
}

@inproceedings{Rosati06,
  author    = {R. Rosati},
  title     = {{DL+log}: Tight Integration of Description Logics and Disjunctive
		{Datalog}},
  booktitle = {Proceedings of KR'2006},
  year      = {2006},
  publisher = {AAAI Press},
  pages     = {68-78}
}

@article{MotikR10,
  author    = {B. Motik and
               R. Rosati},
  title     = {Reconciling description logics and rules},
  journal   = {J. ACM},
  volume    = {57},
  number    = {5},
  year      = {2010}
}

@inproceedings{KnorrAH08,
  author    = {M. Knorr and
               J.J. Alferes and
               P. Hitzler},
  title     = {A Coherent Well-founded Model for Hybrid {MKNF} Knowledge
               Bases},
  booktitle = {Proceedings of ECAI'2008},
  publisher = {IOS Press},
  series    = {Frontiers in Artificial Intelligence and Applications},
  volume    = {178},
  year      = {2008},
  pages     = {99-103}
}

@inproceedings{DrabentM07,
  author    = {W. Drabent and
               J. Maluszynski},
  title     = {Well-Founded Semantics for Hybrid Rules},
  booktitle = {Proceedings of RR'2007},
  publisher = {Springer},
  series    = {LNCS},
  volume    = {4524},
  year      = {2007},
  pages     = {1-15}
}

@inproceedings{CaoNS11@KSE,
  author    = {S.T. Cao and
               L.A. Nguyen and
               A. Sza{\l}as},
  title     = {{WORL}: A {Web} Ontology Rule Language},
  booktitle = {Proceedings of KSE'2011},
  publisher = {IEEE Computer Society},
  year      = {2011},
  pages     = {32-39}
}

@article{LevyR98,
  author    = {A.Y. Levy and
               M.-Ch. Rousset},
  title     = {Combining {Horn} Rules and Description Logics in {CARIN}.},
  journal   = {Artificial Intelligence},
  volume    = {104},
  number    = {1-2},
  year      = {1998},
  pages     = {165-209}
}

@article{MotikSS05,
  author    = {B. Motik and
               U. Sattler and
               R. Studer},
  title     = {Query Answering for {OWL-DL} with rules},
  journal   = {J. Web Sem.},
  volume    = {3},
  number    = {1},
  year      = {2005},
  pages     = {41-60}
}

@article{EiterILS11,
  author    = {T. Eiter and
               G. Ianni and
               T. Lukasiewicz and
               R. Schindlauer},
  title     = {Well-founded semantics for description logic programs in
               the {Semantic Web}},
  journal   = {ACM Trans. Comput. Log.},
  volume    = {12},
  number    = {2},
  year      = {2011},
  pages     = {11}
}

@misc{He-2012,
    author  = {L.A. Nguyen},
    title   = {On the {Semantic Web} and Description Logics},
    howpublished = {A presentation given at {VNU University of Engineering and Technology} and {Hue University of Sciences} in summer 2012, available at \url{http://www.mimuw.edu.pl/~nguyen/He-2012.pdf}},
    year      = 2012
}

@article{MishraK11,
  author    = {R.B. Mishra and
               S. Kumar},
  title     = {Semantic web reasoners and languages},
  journal   = {Artif. Intell. Rev.},
  volume    = {35},
  number    = {4},
  year      = {2011},
  pages     = {339-368}
}

